@online{Elsevier2025,
  author    = {Elsevier},
  title     = {11 Steps to Structuring a Science Paper Editors Will Take Seriously},
  year      = {2025},
  url       = {https://www.elsevier.com/connect/11-steps-to-structuring-a-science-paper-editors-will-take-seriously},
  note      = {Acesso em: 14 mar. 2025}
}
