@book{tanenbaum2023redes,
  author    = {Andrew S. Tanenbaum},
  title     = {Redes de Computadores},
  year      = {2023},
  publisher = {Pearson},
  address   = {SÃ£o Paulo}
}
